@online{cosmed,
author = {COSMED},
title  = {COSMED Product},
date   = {},
url    = {https://www.cosmed.com/en/products/spirometry},
note = {Last accessed 15 June 2019}
}

@online{equivital,
author = {Equivital},
title  = {Equivital Product},
date   = {},
url    = {https://www.equivital.com/products},
note = {Last accessed 15 June 2019}
}