@article{Dasgupta2018YouMeasurements,
    title = {{"You can tell by the way i use my walk." Predicting the presence of cognitive load with gait measurements}},
    year = {2018},
    journal = {BioMedical Engineering Online},
    author = {Dasgupta, Pritika and Vanswearingen, Jessie and Sejdic, Ervin},
    number = {1},
    pages = {1--18},
    volume = {17},
    publisher = {BioMed Central},
    url = {https://doi.org/10.1186/s12938-018-0555-8},
    doi = {10.1186/s12938-018-0555-8},
    issn = {1475925X},
    pmid = {30208897},
    keywords = {Gait,Cognitive load,Gait classification,Stride ext, Learning vector quantization, Logistic regression, Machine learning, Random forest, Stride extraction, Support vector machine}
}

@article{Pasterkamp2000I,
    title = {{' I}},
    year = {2000},
    author = {Pasterkamp, H and Rempel, G},
    pages = {198--203},
    volume = {38}
}

@article{Hult2000MEP_2000_V.22_p425_respFreq_bioacoustic.PDF,
    title = {{<MEP{\_}2000{\_}V.22{\_}p425{\_}resp freq{\_}bioacoustic.PDF>}},
    year = {2000},
    author = {Hult, Peter and Wranne, Bengt and Ask, Per},
    pages = {425--433},
    volume = {22},
    keywords = {air flow, monitoring, non-invasive, pulmonary sounds, signal processing, timing of breathing, tracheal sounds}
}

@article{Ravi2017ADevices,
    title = {{A Deep Learning Approach to on-Node Sensor Data Analytics for Mobile or Wearable Devices}},
    year = {2017},
    journal = {IEEE Journal of Biomedical and Health Informatics},
    author = {Ravi, Daniele and Wong, Charence and Lo, Benny and Yang, Guang-Zhong},
    number = {1},
    month = {1},
    pages = {56--64},
    volume = {21},
    url = {http://ieeexplore.ieee.org/document/7797232/},
    isbn = {1558-0032{\textbackslash}r1089-7771},
    doi = {10.1109/JBHI.2016.2633287},
    issn = {2168-2194},
    pmid = {28026792}
}

@article{Naranjo2005AExercise,
    title = {{A nomogram for assessment of breathing patterns during treadmill exercise}},
    year = {2005},
    journal = {British Journal of Sports Medicine},
    author = {Naranjo, J.},
    number = {2},
    month = {2},
    pages = {80--83},
    volume = {39},
    url = {http://bjsm.bmj.com/cgi/doi/10.1136/bjsm.2003.009316},
    doi = {10.1136/bjsm.2003.009316},
    issn = {0306-3674}
}

@article{Niu2019AState,
    title = {{A Novel Method for Automatic Identification of Breathing State}},
    year = {2019},
    journal = {Scientific Reports},
    author = {Niu, Jinglong and Cai, Maolin and Shi, Yan and Ren, Shuai and Xu, Weiqing and Gao, Wei and Luo, Zujin and Reinhardt, Joseph M.},
    number = {1},
    pages = {1--13},
    volume = {9},
    publisher = {Springer US},
    url = {http://dx.doi.org/10.1038/s41598-018-36454-5},
    doi = {10.1038/s41598-018-36454-5},
    issn = {20452322}
}

@inproceedings{Comtois2012ASignals,
    title = {{A smartphone-based platform for analyzing physiological audio signals}},
    year = {2012},
    booktitle = {2012 38th Annual Northeast Bioengineering Conference (NEBEC)},
    author = {Comtois, Gary and Salisbury, John I. and Sun, Ying},
    month = {3},
    pages = {69--70},
    publisher = {IEEE},
    url = {http://ieeexplore.ieee.org/document/6206966/},
    isbn = {978-1-4673-1142-7},
    doi = {10.1109/NEBC.2012.6206966}
}

@article{Chowdhury2013AGames,
    title = {{A Software Design Pattern Based Approach to Adaptive Video Games}},
    year = {2013},
    journal = {ADAPTIVE 2013, The Fifth International Conference on Adaptive and Self-Adaptive Systems and Applications},
    author = {Chowdhury, Muhammad Iftekher and Katchabaw, Michael},
    number = {c},
    pages = {40--47},
    url = {http://www.thinkmind.org/index.php?view=article&articleid=adaptive_2013_2_40_50073},
    isbn = {9781612082745},
    keywords = {-adaptive video game, game development process, software design patterns, software quality}
}

@article{Kundu2013ARate,
    title = {{A wearable capacitive sensor for monitoring human respiratory rate}},
    year = {2013},
    journal = {Japanese Journal of Applied Physics},
    author = {Kundu, Subrata Kumar and Kumagai, Shinya and Sasaki, Minoru},
    number = {4 PART 2},
    volume = {52},
    doi = {10.7567/JJAP.52.04CL05},
    issn = {00214922}
}

@article{Liu2011ANetwork,
    title = {{A Wearable Respiratory Biofeedback System Based on Generalized Body Sensor Network}},
    year = {2011},
    journal = {Telemedicine and e-Health},
    author = {Liu, Guan-Zheng and Huang, Bang-Yu and Wang, Lei},
    number = {5},
    pages = {348--357},
    volume = {17},
    doi = {10.1089/tmj.2010.0182},
    issn = {1530-5627},
    keywords = {6 employed bulky desktop, advanced laboratory spaces, biofeedback, bsn, devices and were conducted, feedback 2, generalized body sensor network, heart rate variability, in, of low-, training, wearable devices, which inhibited the possibilities}
}

@article{Sandroff2015AcuteSpeed,
    title = {{Acute effects of walking, cycling, and yoga exercise on cognition in persons with relapsing-remitting multiple sclerosis without impaired cognitive processing speed}},
    year = {2015},
    journal = {Journal of Clinical and Experimental Neuropsychology},
    author = {Sandroff, Brian M. and Hillman, Charles H. and Benedict, Ralph H.B. and Motl, Robert W.},
    number = {2},
    pages = {209--219},
    volume = {37},
    publisher = {Routledge},
    url = {http://dx.doi.org/10.1080/13803395.2014.1001723},
    doi = {10.1080/13803395.2014.1001723},
    issn = {1744411X},
    pmid = {25658772},
    keywords = {Cognition, Executive control, Exercise, Multiple sclerosis, Walking.}
}

@article{Hsieh2016AdaptiveTask,
    title = {{Adaptive strategies for the elderly in inhibiting irrelevant and conflict no-go trials while performing the Go/No-Go task}},
    year = {2016},
    journal = {Frontiers in Aging Neuroscience},
    author = {Hsieh, Shulan and Wu, Mengyao and Tang, Chien Hui},
    number = {JAN},
    pages = {1--14},
    volume = {7},
    isbn = {0961-9534},
    doi = {10.3389/fnagi.2015.00243},
    issn = {16634365},
    pmid = {26779012},
    keywords = {Distraction, Event-related potential, Inhibition, No-go, Probability}
}

@article{Howcroft2016AnalysisSensors,
    title = {{Analysis of dual-task elderly gait in fallers and non-fallers using wearable sensors}},
    year = {2016},
    journal = {Journal of Biomechanics},
    author = {Howcroft, Jennifer and Kofman, Jonathan and Lemaire, Edward D. and McIlroy, William E.},
    number = {7},
    pages = {992--1001},
    volume = {49},
    publisher = {Elsevier},
    url = {http://dx.doi.org/10.1016/j.jbiomech.2016.01.015},
    doi = {10.1016/j.jbiomech.2016.01.015},
    issn = {18732380},
    keywords = {Accelerometer, Dual task gait, Dynamic stability control, Elderly, Gait variability, Older adults, Plantar pressure, Wearable sensors}
}

@article{Chen2019AtomicRecognition,
    title = {{Atomic Head Movement Analysis for Wearable Four-Dimensional Task Load Recognition}},
    year = {2019},
    journal = {IEEE Journal of Biomedical and Health Informatics},
    author = {Chen, Siyuan and Epps, Julien},
    number = {c},
    pages = {1--1},
    volume = {PP},
    publisher = {IEEE},
    doi = {10.1109/jbhi.2019.2893945},
    issn = {2168-2194}
}

@article{Okoshi2015Attelia:Phones,
    title = {{Attelia: Reducing user's cognitive load due to interruptive notifications on smart phones}},
    year = {2015},
    journal = {2015 IEEE International Conference on Pervasive Computing and Communications, PerCom 2015},
    author = {Okoshi, Tadashi and Ramos, Julian and Nozaki, Hiroki and Nakazawa, Jin and Dey, Anind K. and Tokuda, Hideyuki},
    pages = {96--104},
    publisher = {IEEE},
    isbn = {9781479980338},
    doi = {10.1109/PERCOM.2015.7146515}
}

@inproceedings{Moussavi1998AutomatedMeans,
    title = {{Automated detection of respiratory phases by acoustical means}},
    year = {1998},
    booktitle = {Proceedings of the 20th Annual International Conference of the IEEE Engineering in Medicine and Biology Society. Vol.20 Biomedical Engineering Towards the Year 2000 and Beyond (Cat. No.98CH36286)},
    author = {Moussavi, Z.K. and Leopando, M.T. and Rempel, G.R.},
    pages = {21--24},
    publisher = {IEEE},
    url = {http://ieeexplore.ieee.org/document/745812/},
    isbn = {0-7803-5164-9},
    doi = {10.1109/IEMBS.1998.745812},
    issn = {1094-687X},
    keywords = {airflow, breath sound signals, chest sounds, improve the phase detection, respiratory phases, the main objectives of, this study are, to further enhance and, tracheal sounds}
}

@article{Yahya2014AutomaticCycles,
    title = {{Automatic detection and classification of acoustic breathing cycles}},
    year = {2014},
    journal = {Proceedings of the 2014 Zone 1 Conference of the American Society for Engineering Education - "Engineering Education: Industry Involvement and Interdisciplinary Trends", ASEE Zone 1 2014},
    author = {Yahya, Omar and Faezipour, Miad},
    pages = {1--5},
    publisher = {IEEE},
    isbn = {9781479952335},
    doi = {10.1109/ASEEZone1.2014.6820648},
    keywords = {Acoustical signal of respiration, Airflow, Breathing Phases, Microphone}
}

@article{Yahya2014AutomaticCyclesb,
    title = {{Automatic detection and classification of acoustic breathing cycles}},
    year = {2014},
    journal = {Proceedings of the 2014 Zone 1 Conference of the American Society for Engineering Education - "Engineering Education: Industry Involvement and Interdisciplinary Trends", ASEE Zone 1 2014},
    author = {Yahya, Omar and Faezipour, Miad},
    number = {April},
    isbn = {9781479952335},
    doi = {10.1109/ASEEZone1.2014.6820648},
    keywords = {Acoustical signal of respiration, Airflow, Breathing Phases, Microphone}
}

@article{Koenig2010AutomaticTraining,
    title = {{Automatic estimation of cognitive load during robot-assisted gait training}},
    year = {2010},
    journal = {Automed {\ldots}},
    author = {Koenig, Alexander and Pulfer, Michael and Omlin, Ximena},
    pages = {1--2},
    url = {http://vde4you.vde.com/de/fg/DGBMT/Arbeitsgebiete/Fachausschuesse/ats/documents/automed 2010/23_2010_automatic_estimation_of_cognitive_during_robotassisted_gait_training.pdf}
}

@article{Mitchell2010BreathingSensors,
    title = {{Breathing feedback system with wearable textile sensors}},
    year = {2010},
    journal = {2010 International Conference on Body Sensor Networks, BSN 2010},
    author = {Mitchell, Edmond and Coyle, Shirley and O'Connor, Noel E. and Diamond, Dermot and Ward, Tomas},
    pages = {56--61},
    isbn = {9780769540658},
    doi = {10.1109/BSN.2010.31},
    keywords = {Breathing, Graphical, Interface, Sensors, Signal, System, User, Wearables}
}

@article{Blumenthal2017By,
    title = {{by}},
    year = {2017},
    author = {Blumenthal, Jenna and Blumenthal, Jenna}
}

@inproceedings{ShoichiMatsunaga2009ClassificationApproach,
    title = {{Classification between normal and abnormal respiratory sounds based on maximum likelihood approach}},
    year = {2009},
    booktitle = {2009 IEEE International Conference on Acoustics, Speech and Signal Processing},
    author = {{Shoichi Matsunaga} and Yamauchi, Katsuya and {Masaru Yamashita} and {Sueharu Miyahara}},
    month = {4},
    pages = {517--520},
    publisher = {IEEE},
    url = {http://ieeexplore.ieee.org/document/4959634/},
    isbn = {978-1-4244-2353-8},
    doi = {10.1109/ICASSP.2009.4959634}
}

@article{Gogus2015ClassificationNetworks,
    title = {{Classification of Asthmatic Breath Sounds by Using Wavelet Transforms and Neural Networks}},
    year = {2015},
    journal = {International Journal of Signal Processing Systems},
    author = {G{\"{o}}{\u{g}}{\"{u}}{\c{s}}, Fatma Z. and Karlık, Bekir and Harman, Güneş},
    number = {2},
    pages = {106--111},
    volume = {3},
    isbn = {1936-959X (Electronic){\textbackslash}r0195-6108 (Linking)},
    doi = {10.12720/ijsps.3.2.106-111},
    issn = {23154535},
    pmid = {25034772}
}

@article{Steinberg2008ClinicalParadigm,
    title = {{Clinical trials in sickle cell disease: Adopting the combination chemotherapy paradigm}},
    year = {2008},
    journal = {American Journal of Hematology},
    author = {Steinberg, Martin H.},
    number = {1},
    pages = {1--3},
    volume = {83},
    isbn = {2168-2194 VO - 21},
    doi = {10.1002/ajh.21033},
    issn = {03618609},
    pmid = {28055930}
}

@article{Blumenthal2017CognitiveMeasurement,
    title = {{Cognitive capacity and smartphone dual-task gait measurement}},
    year = {2017},
    journal = {Procedia Computer Science},
    author = {Blumenthal, Jenna and Wilkinson, Andrea and Cheuk, Rocco Tak For and Charoenkitkarn, Prachaya and Charoenkitkarn, Nipon and Chignell, Mark},
    pages = {87--94},
    volume = {111},
    publisher = {Elsevier B.V.},
    url = {http://dx.doi.org/10.1016/j.procs.2017.06.014},
    isbn = {18770509 (ISSN)},
    doi = {10.1016/j.procs.2017.06.014},
    issn = {18770509},
    keywords = {accelerometers, attention, cognition, dual-tasking, gait, mobile application}
}

@article{Massaroni2019Contact-BasedRate,
    title = {{Contact-Based Methods for Measuring Respiratory Rate}},
    year = {2019},
    journal = {Sensors},
    author = {Massaroni, Carlo and Nicol{\`{o}}, Andrea and Lo Presti, Daniela and Sacchetti, Massimo and Silvestri, Sergio and Schena, Emiliano},
    number = {4},
    month = {2},
    pages = {908},
    volume = {19},
    url = {http://www.mdpi.com/1424-8220/19/4/908},
    doi = {10.3390/s19040908},
    issn = {1424-8220},
    keywords = {contact-based, measurement, respiratory rate, sensors, wearable}
}

@article{Lei2014Content-basedFeatures,
    title = {{Content-based classification of breath sound with enhanced features}},
    year = {2014},
    journal = {Neurocomputing},
    author = {Lei, Baiying and Rahman, Shah Atiqur and Song, Insu},
    pages = {139--147},
    volume = {141},
    publisher = {Elsevier},
    url = {http://dx.doi.org/10.1016/j.neucom.2014.04.002},
    doi = {10.1016/j.neucom.2014.04.002},
    issn = {18728286},
    keywords = {Artificial neural network, Breath sound, Content-based classification, Support vector machine}
}

@inproceedings{MathWorks2002Content-BoostedRecommendations,
    title = {{Content-Boosted Collaborative Filtering for Improved Recommendations}},
    year = {2002},
    author = {{MathWorks}},
    number = {July},
    pages = {187--192},
    url = {https://www.mathworks.com/help/simulink/slref/discretefirfilter.html}
}

@article{Ordonez2016DeepRecognition,
    title = {{Deep convolutional and LSTM recurrent neural networks for multimodal wearable activity recognition}},
    year = {2016},
    journal = {Sensors (Switzerland)},
    author = {Ord{\'{o}}{\~{n}}ez, Francisco Javier and Roggen, Daniel},
    month = {0}
}

@article{Wang2018DeepSurvey,
    title = {{Deep learning for sensor-based activity recognition: A Survey}},
    year = {2018},
    journal = {Pattern Recognition Letters},
    author = {Wang, Jindong and Chen, Yiqiang and Hao, Shuji and Peng, Xiaohui and Hu, Lisha},
    month = {2},
    pages = {1--9},
    volume = {0},
    publisher = {Elsevier B.V.},
    url = {https://doi.org/10.1016/j.patrec.2018.02.010 https://linkinghub.elsevier.com/retrieve/pii/S016786551830045X},
    isbn = {01678655 (ISSN)},
    doi = {10.1016/j.patrec.2018.02.010},
    issn = {01678655},
    arxivId = {1707.03502},
    keywords = {Activity recognition, Deep learning, Pattern recognition, Pervasive computing}
}

@article{Hamke2019DetectingMachines,
    title = {{Detecting breathing rates and depth of breath using LPCs and Restricted Boltzmann Machines}},
    year = {2019},
    journal = {Biomedical Signal Processing and Control},
    author = {Hamke, Eric Ehrhardt and Mart{\'{i}}nez-Ram{\'{o}}n, Manel and Nafchi, Amir Raeisi and Jordan, Ramiro},
    pages = {1--11},
    volume = {48},
    publisher = {Elsevier Ltd},
    url = {https://doi.org/10.1016/j.bspc.2018.09.009},
    doi = {10.1016/j.bspc.2018.09.009},
    issn = {17468108},
    keywords = {Detection, First responders, Prediction of breathing rates and depth or length}
}

@article{Kim2018DetectionTechniques,
    title = {{Detection of sleep disordered breathing severity using acoustic biomarker and machine learning techniques}},
    year = {2018},
    journal = {BioMedical Engineering Online},
    author = {Kim, Taehoon and Kim, Jeong Whun and Lee, Kyogu},
    number = {1},
    pages = {1--19},
    volume = {17},
    publisher = {BioMed Central},
    url = {https://doi.org/10.1186/s12938-018-0448-x},
    doi = {10.1186/s12938-018-0448-x},
    issn = {1475925X},
    keywords = {Acoustic biomarker, Apnea-hypopnea index, Deep neural network, Polysomnography screening test, Sleep disordered breathing}
}

@article{Ejupi2018DetectionSensors,
    title = {{Detection of talking in respiratory signals: A feasibility study using machine learning and wearable textile-based sensors}},
    year = {2018},
    journal = {Sensors (Switzerland)},
    author = {Ejupi, Andreas and Menon, Carlo},
    number = {8},
    volume = {18},
    doi = {10.3390/s18082474},
    issn = {14248220},
    keywords = {Healthcare, Machine learning, Smart textiles, Talking detection, Wearable sensors}
}

@article{Brustio2018Dual-taskPerformance,
    title = {{Dual-task training in older adults: The effect of additional motor tasks on mobility performance}},
    year = {2018},
    journal = {Archives of Gerontology and Geriatrics},
    author = {Brustio, Paolo Riccardo and Rabaglietti, Emanuela and Formica, Sabrina and Liubicich, Monica Emma},
    number = {December 2017},
    pages = {119--124},
    volume = {75},
    publisher = {Elsevier},
    url = {https://doi.org/10.1016/j.archger.2017.12.003},
    doi = {10.1016/j.archger.2017.12.003},
    issn = {18726976},
    keywords = {Aging, Dual-task training, Mobility, Physical exercise}
}

@inproceedings{Xue2017DynamicGames,
    title = {{Dynamic Difficulty Adjustment for Maximized Engagement in Digital Games}},
    year = {2017},
    booktitle = {Proceedings of the 26th International Conference on World Wide Web Companion - WWW '17 Companion},
    author = {Xue, Su and Wu, Meng and Kolen, John and Aghdaie, Navid and Zaman, Kazi A.},
    pages = {465--471},
    publisher = {ACM Press},
    url = {https://dl.acm.org/citation.cfm?id=3054170%0Ahttp://dblp.uni-trier.de/db/conf/www/www2017c.html#XueWKAZ17 http://dl.acm.org/citation.cfm?doid=3041021.3054170},
    address = {New York, New York, USA},
    isbn = {9781450349147},
    doi = {10.1145/3041021.3054170},
    keywords = {dynamic difficulty adjustment, player engagement optimiza-, progression model, tion}
}

@article{Subramaniam2017EffectAdults,
    title = {{Effect of Yoga practice on reducing cognitive-motor interference for improving dynamic balance control in healthy adults}},
    year = {2017},
    journal = {Complementary Therapies in Medicine},
    author = {Subramaniam, Savitha and Bhatt, Tanvi},
    pages = {30--35},
    volume = {30},
    publisher = {Elsevier Ltd},
    url = {http://dx.doi.org/10.1016/j.ctim.2016.10.012},
    isbn = {0965-2299},
    doi = {10.1016/j.ctim.2016.10.012},
    issn = {18736963},
    pmid = {28137524},
    keywords = {Cognitive-motor interference, Dual-tasking, Yoga}
}

@article{Nam2016EstimationHeadset,
    title = {{Estimation of Respiratory Rates Using the Built-in Microphone of a Smartphone or Headset}},
    year = {2016},
    journal = {IEEE Journal of Biomedical and Health Informatics},
    author = {Nam, Yunyoung and Reyes, Bersain A. and Chon, Ki H.},
    number = {6},
    month = {11},
    pages = {1493--1501},
    volume = {20},
    publisher = {IEEE},
    url = {http://ieeexplore.ieee.org/document/7273825/},
    doi = {10.1109/JBHI.2015.2480838},
    issn = {2168-2194},
    keywords = {Nasal sound, respiratory rate estimation, smartphone, sound intensity, tracheal sound}
}

@article{lucachittarouniuditChittaro2014EvaluatingVisualization,
    title = {{Evaluating mobile apps for breathing training: The effectiveness of visualization}},
    year = {2014},
    journal = {Computers in Human Behavior},
    author = {luca chittaro uniud it Chittaro, Luca and riccardo sioni uniud it Sioni, Riccardo},
    number = {November},
    pages = {56--63},
    volume = {40},
    url = {http://search.ebscohost.com/login.aspx?direct=true&db=eft&AN=98808646&site=ehost-live},
    isbn = {07475632},
    doi = {10.1016/j.chb.2014.07.049},
    pmid = {98808646},
    keywords = {Breathing exercises, Computer software -- Evaluation, Internet, Stress (Psychology), Wireless communication systems}
}

@book{Yu2016Eye-BasedMeasures,
    title = {{Eye-Based Measures}},
    year = {2016},
    author = {Yu, Kun and Wang, Yang and Zhou, Jianlong and Conway, Dan and Chen, Fang and Khawaji, Ahmad and Arshad, Syed Z.},
    pages = {75--85},
    isbn = {9783319317007},
    doi = {10.1007/978-3-319-31700-7{\_}4}
}

@article{Ren2015Fine-grainedSmartphones,
    title = {{Fine-grained sleep monitoring: Hearing your breathing with smartphones}},
    year = {2015},
    journal = {Proceedings - IEEE INFOCOM},
    author = {Ren, Yanzhi and Wang, Chen and Yang, Jie and Chen, Yingying},
    pages = {1194--1202},
    volume = {26},
    publisher = {IEEE},
    isbn = {9781479983810},
    doi = {10.1109/INFOCOM.2015.7218494},
    issn = {0743166X}
}

@article{Caramia2017GaitEffort,
    title = {{Gait parameters are differently affected by concurrent smartphone-based activities with scaled levels of cognitive effort}},
    year = {2017},
    journal = {PLoS ONE},
    author = {Caramia, Carlotta and Bernabucci, Ivan and D’Anna, Carmen and De Marchis, Cristiano and Schmid, Maurizio},
    number = {10},
    pages = {1--13},
    volume = {12},
    isbn = {1111111111},
    doi = {10.1371/journal.pone.0185825},
    issn = {19326203},
    pmid = {29023456}
}

@article{Blumenthal2017Gait-guidedUsers,
    title = {{Gait-guided adaptive interfaces: Managing cognitive load in older users}},
    year = {2017},
    journal = {Proceedings of the Human Factors and Ergonomics Society},
    author = {Blumenthal, Jenna and Tong, Tiffany and Chignell, Mark},
    pages = {710--714},
    volume = {2017-Octob},
    isbn = {9780945289531},
    doi = {10.1177/1541931213601663},
    issn = {10711813}
}

@article{Efroni2018HowLearning,
    title = {{How to Combine Tree-Search Methods in Reinforcement Learning}},
    year = {2018},
    author = {Efroni, Yonathan and Dalal, Gal and Scherrer, Bruno and Mannor, Shie},
    url = {http://arxiv.org/abs/1809.01843},
    arxivId = {1809.01843}
}

@article{Omidshafiei2018LearningLearning,
    title = {{Learning to Teach in Cooperative Multiagent Reinforcement Learning}},
    year = {2018},
    author = {Omidshafiei, Shayegan and Kim, Dong-Ki and Liu, Miao and Tesauro, Gerald and Riemer, Matthew and Amato, Christopher and Campbell, Murray and How, Jonathan P.},
    url = {http://arxiv.org/abs/1805.07830},
    doi = {arXiv:1805.07830v4},
    arxivId = {1805.07830}
}

@book{Liu2016NeuralVI,
    title = {{Neural Information Processing 2017 Part VI}},
    year = {2016},
    author = {Liu, Derong and Xie, Shengli and Eds, El-sayed M El-alfy and Vi, Part and Hutchison, David},
    volume = {9947},
    url = {http://link.springer.com/10.1007/978-3-319-46687-3},
    isbn = {978-3-319-46686-6},
    doi = {10.1007/978-3-319-46687-3},
    issn = {0302-9743},
    arxivId = {arXiv:1509.06589v1}
}

@article{Cretikos2008OfMBA,
    title = {{of Intensive Care and Director of Intensive Care Research 2 Ken Hillman, MB BS, FRCA, FJFICM, Professor of Intensive Care 3 Jack Chen, MB BS, MBA}},
    year = {2008},
    author = {Cretikos, Michelle A and Bellomo, Rinaldo},
    number = {2},
    pages = {657--659},
    volume = {188},
    url = {http://www.ncepod.org.uk/2005.htm}
}

@article{Uwaoma2017OnAlgorithms,
    title = {{On Smartphone-based Discrimination of Pathological Respiratory Sounds with Similar Acoustic Properties using Machine Learning Algorithms}},
    year = {2017},
    author = {Uwaoma, Chinazunwa and Mansingh, Gunjan},
    number = {Icinco},
    pages = {422--430},
    volume = {1},
    isbn = {9789897582639},
    doi = {10.5220/0006404604220430}
}

@article{Kim2018ProgressiveStroke,
    title = {{Progressive treadmill cognitive dual-task gait training on the gait ability in patients with chronic stroke}},
    year = {2018},
    journal = {Journal of Exercise Rehabilitation},
    author = {Kim, Keun-Jo and Kim, Kyung-Hun},
    number = {5},
    pages = {821--828},
    volume = {14},
    doi = {10.12965/jer.1836370.185},
    issn = {2288-176X},
    keywords = {cognitive, dual-task, gait, stroke}
}

@article{Mairesse2015PsychophysiologicalWalking,
    title = {{Psychophysiological response to cognitive workload during symmetrical, asymmetrical and dual-task walking}},
    year = {2015},
    journal = {Human Movement Science},
    author = {Mairesse, Olivier and Pattyn, Nathalie and Marusic, Uros and Vitiello, Nicola and Rodr{\'{i}}guez Guerrero, Carlos D. and Lefeber, Dirk and Meeusen, Romain and Crea, Simona and Knaepen, Kristel},
    pages = {248--263},
    volume = {40},
    publisher = {Elsevier B.V.},
    url = {http://dx.doi.org/10.1016/j.humov.2015.01.001},
    doi = {10.1016/j.humov.2015.01.001},
    issn = {01679457}
}

@article{Novak2011Real-TimeTraining,
    title = {{Real-Time Closed-Loop Control of Cognitive Load in Neurological Patients During Robot-Assisted Gait Training}},
    year = {2011},
    journal = {IEEE Transactions on Neural Systems and Rehabilitation Engineering},
    author = {Novak, D. and Perreault, E. and Pulfer, M. and Zimmerli, L. and Koenig, A. and Mihelj, M. and Riener, R. and Omlin, X.},
    number = {4},
    pages = {453--464},
    volume = {19},
    publisher = {IEEE},
    doi = {10.1109/tnsre.2011.2160460},
    issn = {1534-4320}
}

@article{AL-Khalidi2011RespirationReview,
    title = {{Respiration rate monitoring methods: A review}},
    year = {2011},
    journal = {Pediatric Pulmonology},
    author = {AL-Khalidi, F.Q. and Saatchi, R. and Burke, D. and Elphick, H. and Tan, S.},
    number = {6},
    month = {6},
    pages = {523--529},
    volume = {46},
    url = {http://doi.wiley.com/10.1002/ppul.21416},
    doi = {10.1002/ppul.21416},
    issn = {87556863},
    keywords = {noncontact, respiratory, thermal imaging}
}

@article{Nicolo2017RespiratoryMeasure,
    title = {{Respiratory Frequency during Exercise: The Neglected Physiological Measure}},
    year = {2017},
    journal = {Frontiers in Physiology},
    author = {Nicol{\`{o}}, Andrea and Massaroni, Carlo and Passfield, Louis},
    number = {DEC},
    month = {12},
    pages = {1--8},
    volume = {8},
    url = {http://journal.frontiersin.org/article/10.3389/fphys.2017.00922/full},
    isbn = {1664-042X (Print) 1664-042X (Linking)},
    doi = {10.3389/fphys.2017.00922},
    issn = {1664-042X},
    pmid = {29321742},
    keywords = {Athletes, Breathing, Effort, Training monitoring, Wearable sensors}
}

@article{Nicolo2016RespiratoryDuration,
    title = {{Respiratory frequency is strongly associated with perceived exertion during time trials of different duration}},
    year = {2016},
    journal = {Journal of Sports Sciences},
    author = {Nicol{\`{o}}, Andrea and Marcora, Samuele M. and Sacchetti, Massimo},
    number = {13},
    pages = {1199--1206},
    volume = {34},
    doi = {10.1080/02640414.2015.1102315},
    issn = {1466447X},
    pmid = {26503587},
    keywords = {Exercise duration, central command, cycling, pacing strategy, ventilation}
}

@article{Thomas2009SequenceFacilitation,
    title = {{Sequence effects in the Go/NoGo task: Inhibition and facilitation}},
    year = {2009},
    journal = {International Journal of Psychophysiology},
    author = {Thomas, Susan Jennifer and Gonsalvez, Craig Joseph and Johnstone, Stuart John},
    number = {3},
    month = {12},
    pages = {209--219},
    volume = {74},
    url = {https://linkinghub.elsevier.com/retrieve/pii/S0167876009002220},
    isbn = {1872-7697 (Electronic){\textbackslash}r0167-8760 (Linking)},
    doi = {10.1016/j.ijpsycho.2009.09.002},
    issn = {01678760},
    pmid = {19751776},
    keywords = {Event-related potentials, Facilitation, Go/NoGo, Inhibition, Priming, Sequence effects}
}

@article{Benikos2013Short-termDemands,
    title = {{Short-term training in the Go/Nogo task: Behavioural and neural changes depend on task demands}},
    year = {2013},
    journal = {International Journal of Psychophysiology},
    author = {Benikos, Nicholas and Johnstone, Stuart J. and Roodenrys, Steven J.},
    number = {3},
    month = {3},
    pages = {301--312},
    volume = {87},
    url = {https://linkinghub.elsevier.com/retrieve/pii/S0167876012006757},
    isbn = {0167-8760},
    doi = {10.1016/j.ijpsycho.2012.12.001},
    issn = {01678760},
    pmid = {23247193},
    keywords = {Arousal, ERPs, Inhibition, N2, P3, Practice, Task difficulty, Training}
}

@article{Mason2002SignalMonitoring,
    title = {{Signal processing methods for non-invasive respiration monitoring}},
    year = {2002},
    journal = {Philosophy},
    author = {Mason, Laura},
    pages = {175},
    url = {http://www.ibme.ox.ac.uk/bsp/publications/pdf-files/laura-thesis.pdf}
}

@article{Vinuraja2017SmartMeter,
    title = {{Smart Phone-Based Peak Expiratory Flow Meter}},
    year = {2017},
    journal = {Ssrn},
    author = {Vinuraja, V. and Vinitha, R. and Revathi, S. and Karthick, J.},
    number = {2},
    pages = {151--153},
    volume = {1},
    doi = {10.2139/ssrn.2941664},
    keywords = {CO2 Sensor, LCD Display and Bluetooth, Pressure Sensor}
}

@article{Iris2018Smartphone-basedManagement,
    title = {{Smartphone-based Biofeedback Breathing Training for Stress Management}},
    year = {2018},
    author = {Iris, C-h and Marcia, K and Shih, Iris and Ni{\ss}en, Marcia and B{\"{u}}chter, Dirk and Durrer, Dominique and Allemand, Dagmar and Fleisch, Elgar and Kowatsch, Tobias},
    number = {January},
    pages = {2017--2018},
    doi = {10.13140/RG.2.2.11200.64002}
}

@article{Iris2018Smartphone-basedManagementb,
    title = {{Smartphone-based Biofeedback Breathing Training for Stress Management}},
    year = {2018},
    author = {Iris, C-h and Marcia, K and Shih, Iris and Ni{\ss}en, Marcia and B{\"{u}}chter, Dirk and Durrer, Dominique and Allemand, Dagmar and Fleisch, Elgar and Kowatsch, Tobias}
}

@article{Brown2018SolvingMinimization,
    title = {{Solving Imperfect-Information Games via Discounted Regret Minimization}},
    year = {2018},
    author = {Brown, Noam and Sandholm, Tuomas},
    url = {http://arxiv.org/abs/1809.04040},
    isbn = {1045801593091},
    doi = {arXiv:1809.04040v2},
    issn = {15737454},
    arxivId = {1809.04040}
}

@article{Boriello2012SpiroSmart,
    title = {{SpiroSmart}},
    year = {2012},
    author = {Boriello, Gaetano and Heltshe, Sonya and Patel, Shwetak N. and Goel, Mayank and Larson, Eric C. and Rosenfeld, Margaret},
    number = {Figure 1},
    pages = {280},
    isbn = {9781450312240},
    doi = {10.1145/2370216.2370261}
}

@article{Lu2012StressSense:Smartphones,
    title = {{StressSense: Detecting Stress in Unconstrained Acoustic Environments using Smartphones}},
    year = {2012},
    journal = {Lu, H. et al., 2012. StressSense: Detecting Stress in Unconstrained Acoustic Environments using Smartphones. Proceedings of the 2012 ACM Conference on Ubiquitous Computing - UbiComp ’12, p.351. Available at: http://dl.acm.org/citation.cfm?id=2370216.23702},
    author = {Lu, Hong and Frauendorfer, Denise and Rabbi, Mashfiqui and Mast, Marianne Schmid and Chittaranjan, Gokul T. and Campbell, Andrew T. and Gatica-Perez, Daniel and Choudhury, Tanzeem},
    pages = {351},
    url = {http://dl.acm.org/citation.cfm?id=2370216.2370270},
    isbn = {9781450312240},
    doi = {10.1145/2370216.2370270},
    keywords = {mHealth, model adaptation, sensing, stress, user modeling}
}

@article{Schaefer2015TheAdults,
    title = {{The influence of cognitive load and walking speed on gait regularity in children and young adults}},
    year = {2015},
    journal = {Gait and Posture},
    author = {Schaefer, Sabine and Jagenow, Danilo and Verrel, Julius and Lindenberger, Ulman},
    number = {1},
    pages = {258--262},
    volume = {41},
    publisher = {Elsevier B.V.},
    url = {http://dx.doi.org/10.1016/j.gaitpost.2014.10.013},
    doi = {10.1016/j.gaitpost.2014.10.013},
    issn = {18792219},
    keywords = {Children, Cognition, Dual-task, Walking, Young adults}
}

@article{Foster2008TheIntensity,
    title = {{The Talk Test as a Marker of Exercise Training Intensity}},
    year = {2008},
    journal = {Journal of Cardiopulmonary Rehabilitation and Prevention},
    author = {Foster, Carl and Porcari, John P and Anderson, Jennifer and Paulson, Melissa and Smaczny, Denise and Webber, Holly and Doberstein, Scott T and Udermann, Brian},
    number = {1},
    month = {1},
    pages = {24--30},
    volume = {28},
    url = {https://insights.ovid.com/crossref?an=01273116-200801000-00005},
    isbn = {1932-7501; 1932-7501},
    doi = {10.1097/01.HCR.0000311504.41775.78},
    issn = {1932-7501},
    pmid = {18277826},
    keywords = {Adult, Anaerobic Threshold, Analysis of Variance}
}

@article{Shih2016TowardsMicrophone,
    title = {{Towards the design of a smartphone-based biofeedback breathing training: Identifying diaphragmatic breathing patters from a smartphone's microphone}},
    year = {2016},
    journal = {Tenth Mediterranean Conference on Information Systems (MCIS)},
    author = {Shih, Chen-Hsuan Iris and Kowatsch, Tobias and Tinschert, Peter and Barata, Filipe and Niben, Marcia Katharina},
    number = {September 2016},
    pages = {1--11},
    keywords = {biofeedback, cyprus, design science re-, diaphragmatic breathing, health information system, information systems, mcis, ncd, non-communicable disease, paphos, search, september 2016, stress, tenth mediterranean conference on}
}

@article{YuhLu2016UnidirectionalSound,
    title = {{Unidirectional Microphone based Wireless Recorder for the Respiration Sound}},
    year = {2016},
    journal = {Journal of Bioengineering {\&} Biomedical Science},
    author = {Yuh Lu, Bing},
    number = {3},
    volume = {6},
    doi = {10.4172/2155-9538.1000195},
    keywords = {Directivity, Lung sound, Microphone, Record system, Respiration, directivity, lung sound, microphone, record system}
}

@article{Kaur2017UseRespiration,
    title = {{Use of Smartphone ' s Microphone Sensor to Estimate Rate of Respiration}},
    year = {2017},
    author = {Kaur, Kanchanjot and Under, Phokela and Delhi, Information Technology}
}

@article{AccelerometerUsingAccelerometer,
    title = {{Using Gait Dynamics to Estimate Load from a Body-worn Accelerometer}},
    author = {Accelerometer, Body-worn and Williamson, James R and Dumas, Andrew and Ciccarelli, Greg and Hess, Austin R and Buller, Mark J and Collection, A Data},
    volume = {02421}
}

@article{Oku2018UsingSwallowing,
    title = {{Using Machine Learning and a Combination of Respiratory Flow, Laryngeal Motion, and Swallowing Sounds to Classify Safe and Unsafe Swallowing}},
    year = {2018},
    journal = {IEEE Transactions on Biomedical Engineering},
    author = {Oku, Yoshitaka and Nagami, Shinsuke and Yoshioka, Michifumi and Yagi, Naomi and Inoue, Katsufumi},
    number = {11},
    pages = {2529--2541},
    volume = {65},
    publisher = {IEEE},
    doi = {10.1109/tbme.2018.2807487},
    issn = {0018-9294}
}

@article{Massaroni2019ValidationExercise,
    title = {{Validation of a wearable device and an algorithm for respiratory monitoring during exercise}},
    year = {2019},
    journal = {IEEE Sensors Journal},
    author = {Massaroni, Carlo and Nicolo, Andrea and Girardi, Michele and La Camera, Angelica and Schena, Emiliano and Sacchetti, Massimo and Silvestri, Sergio and Taffoni, Fabrizio},
    number = {8},
    pages = {1--1},
    volume = {PP},
    publisher = {IEEE},
    url = {https://ieeexplore.ieee.org/document/8642814/},
    doi = {10.1109/JSEN.2019.2899658},
    issn = {1530-437X}
}

@article{Patil2013VoiceDetection,
    title = {{Voice Stress Detection}},
    year = {2013},
    journal = {International Journal of Electrical, Electronics and Computer Engineering},
    author = {Patil, Vijay P. and Nayak, Krishna K. and Saxena, Manish},
    number = {2},
    pages = {148--154},
    volume = {2},
    url = {http://researchtrend.net/ijet21/ijetnew/24 VIJAY PATIL.pdf},
    keywords = {fft, speech recognition, voice stress analyzer}
}

@article{Dong2013WearableAnalysis,
    title = {{Wearable diet monitoring through breathing signal analysis}},
    year = {2013},
    journal = {Proceedings of the Annual International Conference of the IEEE Engineering in Medicine and Biology Society, EMBS},
    author = {Dong, Bo and Biswas, Subir},
    pages = {1186--1187},
    publisher = {IEEE},
    isbn = {9781457702167},
    doi = {10.1109/EMBC.2013.6609718},
    issn = {1557170X},
    pmid = {24109905},
    keywords = {Breathing Pattern Analysis, Classifiers, Food Intake Monitoring, Swallow Detection, Wearable Sensors}
}

@article{Wu2018ZeroInference,
    title = {{Zero Shot Learning for Code Education: Rubric Sampling with Deep Learning Inference}},
    year = {2018},
    author = {Wu, Mike and Mosse, Milan and Goodman, Noah and Piech, Chris},
    url = {http://arxiv.org/abs/1809.01357},
    doi = {arXiv:1809.01357v1},
    arxivId = {1809.01357}
}